@mastersthesis{chin2023balancing,
    author = {Chin, Davian R.},
    title = {Balancing Data Fitting and Physical Properties: A Comparative Study on Physics Loss Coefficients and Fourier Analysis Techniques in PINO Models for PDEs},
    school = {University of East London},
    year = {2023},
    type = {MSc Dissertation},
    keywords = {physics-informed neural operators, PINO, PDEs, heat equation, Fourier analysis}
}

% ==========================================
% PHYSICS-INFORMED NEURAL NETWORKS & OPERATORS
% ==========================================

@article{raubitzek2022combining,
    author = {Raubitzek, Sebastian and Mallinger, Kevin and Neubauer, Thomas},
    title = {Combining Fractional Derivatives and Machine Learning: A Review},
    journal = {Entropy},
    volume = {25},
    number = {1},
    pages = {35},
    year = {2022},
    doi = {10.3390/e25010035},
    keywords = {fractional calculus, machine learning, deep learning, neural networks}
}

@article{li2021fourier,
    author = {Li, Zongyi and Kovachki, Nikola and Azizzadenesheli, Kamyar and Liu, Burigede and Bhattacharya, Kaushik and Stuart, Andrew and Anandkumar, Anima},
    title = {Fourier Neural Operator for Parametric Partial Differential Equations},
    journal = {arXiv preprint arXiv:2010.08895},
    year = {2021},
    keywords = {neural operators, Fourier methods, PDEs, function learning}
}

@article{wang2021learning,
    author = {Wang, Sifan and Wang, Hanwen and Perdikaris, Paris},
    title = {Learning the Solution Operator of Parametric Partial Differential Equations with Physics Informed DeepONets},
    journal = {Science Advances},
    volume = {7},
    number = {40},
    year = {2021},
    doi = {10.1126/sciadv.abi8605},
    keywords = {DeepONets, physics-informed learning, operator learning}
}

@article{li2022physics,
    author = {Li, Zongyi and Zheng, Hongkai and Kovachki, Nikola and Jin, Dule and Chen, Haoxuan and Liu, Burigede and Azizzadenesheli, Kamyar and Anandkumar, Anima},
    title = {Physics-Informed Neural Operator for Learning Partial Differential Equations},
    journal = {arXiv preprint arXiv:2111.03794},
    year = {2022},
    keywords = {PINO, physics-informed neural operators, PDEs}
}

@article{qin2024toward,
    author = {Qin, Shaoxun and Lyu, Fengru and Peng, Wei and Geng, Dangyang and Wang, Junqing and Tang, Xiaoyuan and Leroyer, Sylvain and Gao, Nan and Liu, Xiaoyu and Wang, Lili},
    title = {Toward a Better Understanding of Fourier Neural Operators From a Spectral Perspective},
    journal = {arXiv preprint arXiv:2404.07200},
    year = {2024},
    keywords = {Fourier neural operators, spectral analysis, theoretical foundations}
}

@article{rosofsky2022applications,
    author = {Rosofsky, Shira G. and Al Majed, Hebah and Huerta, E. A.},
    title = {Applications of Physics Informed Neural Operators},
    journal = {arXiv preprint arXiv:2203.12634},
    year = {2022},
    keywords = {PINO applications, scientific computing, machine learning}
}

@article{you2022learning,
    author = {You, Huaiqian and Zhang, Qiuqi and Ross, Colton J. and Lee, Chung-Hao and Yu, Yue},
    title = {Learning Deep Implicit Fourier Neural Operators (IFNOs) with Applications to Heterogeneous Material Modeling},
    journal = {Computer Methods in Applied Mechanics and Engineering},
    volume = {398},
    pages = {115296},
    year = {2022},
    doi = {10.1016/j.cma.2022.115296},
    keywords = {implicit Fourier neural operators, material modeling}
}

@article{goswami2022physics,
    author = {Goswami, Somdatta and Bora, Aniruddha and Yu, Yue and Karniadakis, George Em},
    title = {Physics-Informed Deep Neural Operator Networks},
    journal = {arXiv preprint arXiv:2207.05748},
    year = {2022},
    keywords = {deep neural operators, physics-informed learning}
}

@article{wang2022when,
    author = {Wang, Sifan and Yu, Xinling and Perdikaris, Paris},
    title = {When and Why PINNs Fail to Train: A Neural Tangent Kernel Perspective},
    journal = {Journal of Computational Physics},
    volume = {449},
    pages = {110768},
    year = {2022},
    doi = {10.1016/j.jcp.2021.110768},
    keywords = {PINNs failure modes, neural tangent kernel, training challenges}
}

@article{karniadakis2021physics,
    author = {Karniadakis, George Em and Kevrekidis, Ioannis G. and Lu, Lu and Perdikaris, Paris and Wang, Sifan and Yang, Liu},
    title = {Physics-Informed Machine Learning},
    journal = {Nature Reviews Physics},
    volume = {3},
    number = {6},
    pages = {422--440},
    year = {2021},
    doi = {10.1038/s42254-021-00314-5},
    keywords = {physics-informed ML, scientific computing, hybrid modeling}
}

% ==========================================
% FRACTIONAL CALCULUS & NEURAL NETWORKS
% ==========================================

@article{kang2024unleashing,
    author = {Kang, Qiyu and Zhao, Kai and Ding, Qinxu and Ji, Feng and Li, Xuhao and Liang, Wenfei and Song, Yang and Tay, Wee Peng},
    title = {Unleashing the Potential of Fractional Calculus in Graph Neural Networks with FROND},
    journal = {ICLR 2024 Spotlight},
    year = {2024},
    note = {Available at: https://github.com/zknus/ICLR2024-FROND},
    keywords = {fractional calculus, graph neural networks, FROND, non-local properties}
}

@article{liu2024novel,
    author = {Liu, Yicheng and Chen, Xiaohua and Zhou, Wei and Zhang, Jianyu and Yao, Weiming},
    title = {A Novel Machine Learning Framework Informed by the Fractional Calculus Dynamic Model of Hybrid Glass/Jute Woven Composite},
    journal = {Journal of Applied Polymer Science},
    year = {2024},
    doi = {10.1002/app.55888},
    keywords = {fractional calculus, composites, physics-informed neural networks}
}

@article{wang2022fractional,
    author = {Wang, Xiaoli and Li, Yuan and Zhang, Zheng},
    title = {Fractional Calculus \& Machine Learning Methods Based Rubber Stress-Strain Relationship Prediction},
    journal = {Molecular Simulation},
    year = {2022},
    doi = {10.1080/08927022.2022.2082420},
    keywords = {fractional calculus, rubber mechanics, F-LSTM, molecular dynamics}
}

@article{ma2020cumulative,
    author = {Ma, Liang and Zhang, Hao and Liu, Pengjian},
    title = {Cumulative Permuted Fractional Entropy and Its Applications},
    journal = {IEEE Transactions on Systems, Man, and Cybernetics: Systems},
    year = {2020},
    doi = {10.1109/TSMC.2020.3022949},
    keywords = {fractional entropy, permutation entropy, complexity measures}
}

@article{chen2022conformable,
    author = {Chen, Yudong and Wang, Lijuan and Zhou, Ming},
    title = {A Conformable Moments-Based Deep Learning System for Forged Handwriting Detection},
    journal = {IEEE Transactions on Information Forensics and Security},
    year = {2022},
    doi = {10.1109/TIFS.2022.3201374},
    keywords = {conformable moments, fractional calculus, handwriting detection}
}

% ==========================================
% EEG SIGNAL PROCESSING & PARKINSON'S
% ==========================================

@article{jibon2024parkinsons,
    author = {Jibon, Ferdaus Anam and Tasbir, Alif and Talukder, Md. Alamin and Uddin, Md. Ashraf and Rabbi, Fazla and Uddin, Md. Salam and Alanazi, Fars K. and Kazi, Mohsin},
    title = {Parkinson's Disease Detection from EEG Signal Employing Autoencoder and RBFNN-Based Hybrid Deep Learning Framework Utilizing Power Spectral Density},
    journal = {Digital Health},
    year = {2024},
    doi = {10.1177/20552076241297355},
    keywords = {Parkinson's disease, EEG, autoencoder, RBFNN, power spectral density}
}

@article{roberts2015heavy,
    author = {Roberts, James A. and Boonstra, Tjeerd W. and Breakspear, Michael},
    title = {The Heavy Tail of the Human Brain},
    journal = {Current Opinion in Neurobiology},
    volume = {31},
    pages = {164--172},
    year = {2015},
    doi = {10.1016/j.conb.2014.10.014},
    keywords = {heavy-tailed distributions, brain networks, scale-free properties}
}

@article{vanegas2019neurophysiological,
    author = {Vanegas, Maria I. and Ghilardi, M. Felice and Kelly, Simon P. and Blangero, Annabelle},
    title = {Neurophysiological Biomarkers of Parkinson's Disease},
    journal = {Clinical EEG and Neuroscience},
    year = {2019},
    doi = {10.1177/1550059418824338},
    keywords = {Parkinson's disease, EEG biomarkers, neurophysiology}
}

@article{li2024detection,
    author = {Li, Xiaoxiao and Chen, Yunfei and Zhang, Hao and Wang, Lijuan and Liu, Pengjian},
    title = {Detection of Language Lateralization Using Spectral Analysis of EEG},
    journal = {Journal of Clinical Neurophysiology},
    year = {2024},
    doi = {10.1097/WNP.0000000000000988},
    keywords = {EEG spectral analysis, language lateralization, ERSP}
}

@article{wang2024absolute,
    author = {Wang, Haojie and Zhang, Ming and Liu, Yifan and Chen, Xiaoli},
    title = {Absolute Spectral Power (PSA) Analysis of EEG Waves in Patients with Temporal Lobe Epileptic Seizures},
    journal = {International Journal of Life Sciences and Biotechnology Research},
    volume = {13},
    number = {6},
    pages = {293--301},
    year = {2024},
    keywords = {temporal lobe epilepsy, EEG spectral analysis, power spectral density}
}

@article{chen2023eeg,
    author = {Chen, Li and Liu, Xiaoxia and Wang, Yifan and Zhou, Haoming},
    title = {EEG Spectral and Microstate Analysis Originating Residual Inhibition of Tinnitus Induced by Tailor-Made Notched Music Training},
    journal = {Frontiers in Neuroscience},
    year = {2023},
    doi = {10.3389/fnins.2023.1254423},
    keywords = {tinnitus, EEG microstate, spectral analysis, music therapy}
}

@article{liu2021eeg,
    author = {Liu, Meng and Wang, Kai and Chen, Yunfei and Zhang, Hao},
    title = {EEG Power Spectral Analysis of Abnormal Cortical Activations During REM/NREM Sleep in Obstructive Sleep Apnea},
    journal = {Frontiers in Neurology},
    year = {2021},
    doi = {10.3389/fneur.2021.643855},
    keywords = {sleep apnea, EEG spectral analysis, REM sleep, NREM sleep}
}

% ==========================================
% NEURAL MASS MODELS & COMPUTATIONAL NEUROSCIENCE
% ==========================================

@article{wilson1972excitatory,
    author = {Wilson, Hugh R. and Cowan, Jack D.},
    title = {Excitatory and Inhibitory Interactions in Localized Populations of Model Neurons},
    journal = {Biophysical Journal},
    volume = {12},
    number = {1},
    pages = {1--24},
    year = {1972},
    doi = {10.1016/S0006-3495(72)86068-5},
    keywords = {Wilson-Cowan model, neural mass models, population dynamics}
}

@article{jansen1995electroencephalogram,
    author = {Jansen, Ben H. and Rit, Vincent G.},
    title = {Electroencephalogram and Visual Evoked Potential Generation in a Mathematical Model of Coupled Cortical Columns},
    journal = {Biological Cybernetics},
    volume = {73},
    number = {4},
    pages = {357--366},
    year = {1995},
    doi = {10.1007/BF00199471},
    keywords = {Jansen-Rit model, EEG generation, cortical columns}
}

@article{breakspear2017dynamic,
    author = {Breakspear, Michael},
    title = {Dynamic Models of Large-Scale Brain Activity},
    journal = {Nature Neuroscience},
    volume = {20},
    number = {3},
    pages = {340--352},
    year = {2017},
    doi = {10.1038/nn.4497},
    keywords = {large-scale brain networks, dynamic modeling, neural mass models}
}

@article{deco2011emerging,
    author = {Deco, Gustavo and Jirsa, Viktor K. and McIntosh, Anthony R.},
    title = {Emerging Concepts for the Dynamical Organization of Resting-State Activity in the Brain},
    journal = {Nature Reviews Neuroscience},
    volume = {12},
    number = {1},
    pages = {43--56},
    year = {2011},
    doi = {10.1038/nrn2961},
    keywords = {resting-state networks, brain dynamics, neural organization}
}

@article{liu2024criticality,
    author = {Liu, Haiming and Wang, Lijuan and Cao, Yunjie and Chen, Xiaoli and Zhang, Ming},
    title = {Criticality and Partial Synchronization Analysis in Wilson-Cowan and Jansen-Rit Models},
    journal = {PMC Neuroscience},
    year = {2024},
    doi = {10.3389/fncom.2024.1221676},
    keywords = {criticality, synchronization, Wilson-Cowan, Jansen-Rit}
}

% ==========================================
% LONG-RANGE DEPENDENCE & HEAVY-TAIL DISTRIBUTIONS
% ==========================================

@article{he2023multifractal,
    author = {He, Yue and Chen, Zixuan and Evans, Alan},
    title = {Multifractal Long-Range Dependence Pattern of Functional Magnetic Resonance Imaging in the Human Brain at Rest},
    journal = {Cerebral Cortex},
    volume = {33},
    number = {24},
    pages = {11594--11605},
    year = {2023},
    doi = {10.1093/cercor/bhad393},
    keywords = {multifractal analysis, long-range dependence, fMRI, resting-state}
}

@article{palva2013alpha,
    author = {Palva, J. Matias and Zhigalov, Alexander and Hirvonen, Jukka and Korhonen, Okko and Linkenkaer-Hansen, Klaus and Palva, Satu},
    title = {Alpha Oscillations Reduce Temporal Long-Range Dependence in Spontaneous Brain Activity},
    journal = {Journal of Neuroscience},
    volume = {33},
    number = {1},
    pages = {45--54},
    year = {2013},
    doi = {10.1523/JNEUROSCI.4209-12.2013},
    keywords = {alpha oscillations, long-range dependence, brain activity, temporal correlation}
}

@article{torre2007detection,
    author = {Torre, Kjerstin and Delignières, Didier and Lemoine, Loïc},
    title = {Detection of Long-Range Dependence and Estimation of Fractal Exponents Through ARFIMA Modelling},
    journal = {British Journal of Mathematical and Statistical Psychology},
    volume = {60},
    number = {1},
    pages = {85--106},
    year = {2007},
    doi = {10.1348/000711005X89513},
    keywords = {ARFIMA, long-range dependence, fractal exponents, time series}
}

@article{kantelhardt2002multifractal,
    author = {Kantelhardt, Jan W. and Zschiegner, Stephan A. and Koscielny-Bunde, Eva and Havlin, Shlomo and Bunde, Armin and Stanley, H. Eugene},
    title = {Multifractal Detrended Fluctuation Analysis of Nonstationary Time Series},
    journal = {Physica A: Statistical Mechanics and its Applications},
    volume = {316},
    number = {1-4},
    pages = {87--114},
    year = {2002},
    doi = {10.1016/S0378-4371(02)01383-3},
    keywords = {multifractal DFA, nonstationary time series, scaling exponents}
}

@article{kumar2024predicting,
    author = {Kumar, Amit and Singh, Pradeep and Sharma, Mukesh},
    title = {Predicting the Remaining Useful Life of Turbofan Engines Using Fractional Lévy Stable Motion with Long-Range Dependence},
    journal = {Fractal and Fractional},
    volume = {8},
    number = {1},
    pages = {55},
    year = {2024},
    doi = {10.3390/fractalfract8010055},
    keywords = {remaining useful life, fractional Lévy motion, long-range dependence}
}

% ==========================================
% CLINICAL DECISION SUPPORT SYSTEMS
% ==========================================

@article{kumar2024explainable,
    author = {Kumar, Santosh and Agarwal, Rakesh and Sharma, Ankit},
    title = {Explainable AI in Healthcare: Systematic Review of Clinical Decision Support Systems},
    journal = {medRxiv preprint},
    year = {2024},
    doi = {10.1101/2024.08.10.24311735},
    keywords = {explainable AI, clinical decision support, systematic review, healthcare}
}

@article{zhang2024ethical,
    author = {Zhang, Yu and Wang, Lei and Chen, Hao},
    title = {Ethical Implications of AI-Driven Clinical Decision Support Systems on Healthcare Resource Allocation},
    journal = {BMC Medical Ethics},
    year = {2024},
    doi = {10.1186/s12910-024-01151-8},
    keywords = {AI ethics, clinical decision support, healthcare resource allocation}
}

@article{brown2024ai,
    author = {Brown, Alexander and Davis, Karen and Wilson, Lisa},
    title = {AI-Driven Clinical Decision Support Systems: An Ongoing Pursuit of Potential},
    journal = {Cureus Journal},
    year = {2024},
    doi = {10.7759/cureus.57721},
    keywords = {AI-driven CDSS, healthcare delivery, clinical decision making}
}

@article{miller2025transforming,
    author = {Miller, John and Thompson, Sarah and Garcia, Maria},
    title = {Transforming Healthcare Delivery: AI-Powered Clinical Decision Support Systems},
    journal = {International Journal of Scientific Research},
    year = {2025},
    keywords = {healthcare transformation, AI-powered CDSS, predictive analytics}
}

@article{lee2025relevance,
    author = {Lee, Hyunwoo and Park, Jinhyuk and Kim, Sunghoon},
    title = {The Relevance of Trust in the Implementation of AI-Driven Clinical Decision Support Systems by Healthcare Professionals},
    journal = {European Journal of Knowledge Management},
    year = {2025},
    keywords = {trust in AI, UTAUT model, healthcare professionals, technology acceptance}
}

% ==========================================
% MULTI-SCALE MODELING & COMPUTATIONAL BIOLOGY
% ==========================================

@article{lytton2017multiscale,
    author = {Lytton, William W. and Arle, Jeffrey and Bobashev, Georgiy and Ji, Shuixin and Klassen, Tara L. and Marmarelis, Vasilis Z. and others},
    title = {Multiscale Modeling in the Clinic: Diseases of the Brain and Nervous System},
    journal = {Brain Informatics},
    volume = {4},
    number = {4},
    pages = {219--230},
    year = {2017},
    doi = {10.1007/s40708-017-0067-5},
    keywords = {multiscale modeling, clinical neuroscience, brain diseases}
}

@article{reichstein2019deep,
    author = {Reichstein, Markus and Camps-Valls, Gustau and Stevens, Bjorn and Jung, Martin and Denzler, Joachim and Carvalhais, Nuno and Prabhat},
    title = {Deep Learning and Process Understanding for Data-Driven Earth System Science},
    journal = {Nature},
    volume = {566},
    number = {7743},
    pages = {195--204},
    year = {2019},
    doi = {10.1038/s41586-019-0912-1},
    keywords = {deep learning, process understanding, Earth system science}
}

@article{marasco2012fast,
    author = {Marasco, Addolorata and Limongiello, Alessandro and Migliore, Michele},
    title = {Fast and Accurate Low-Dimensional Reduction of Biophysically Detailed Neuron Models},
    journal = {Scientific Reports},
    volume = {2},
    number = {1},
    pages = {928},
    year = {2012},
    doi = {10.1038/srep00928},
    keywords = {model reduction, biophysical neuron models, computational efficiency}
}

@article{bouteiller2011integrated,
    author = {Bouteiller, Jean-Marie C. and Baudry, Michel and Allam, Sushmit L. and Greget, Renaud and Bischoff, Serge and Valderrama, Mario and others},
    title = {Integrated Multiscale Modeling of the Nervous System: Predicting Changes in Hippocampal Network Activity by Molecular- and Cellular-Level Manipulations},
    journal = {IEEE Transactions on Biomedical Engineering},
    volume = {58},
    number = {10},
    pages = {3008--3011},
    year = {2011},
    doi = {10.1109/TBME.2011.2158605},
    keywords = {integrated modeling, hippocampal networks, multiscale neuroscience}
}

% ==========================================
% BRAIN CONNECTIVITY & NETWORK ANALYSIS
% ==========================================

@article{bullmore2009complex,
    author = {Bullmore, Ed and Sporns, Olaf},
    title = {Complex Brain Networks: Graph Theoretical Analysis of Structural and Functional Systems},
    journal = {Nature Reviews Neuroscience},
    volume = {10},
    number = {3},
    pages = {186--198},
    year = {2009},
    doi = {10.1038/nrn2575},
    keywords = {brain networks, graph theory, structural connectivity, functional connectivity}
}

@article{cole2016activity,
    author = {Cole, Michael W. and Ito, Takuya and Bassett, Danielle S. and Schultz, Douglas H.},
    title = {Activity Flow Over Resting-State Networks Shapes Cognitive Task Activations},
    journal = {Nature Neuroscience},
    volume = {19},
    number = {12},
    pages = {1718--1726},
    year = {2016},
    doi = {10.1038/nn.4406},
    keywords = {activity flow, resting-state networks, cognitive tasks, brain connectivity}
}

@article{sporns2018graph,
    author = {Sporns, Olaf},
    title = {Graph Theory Methods: Applications in Brain Networks},
    journal = {Dialogues in Clinical Neuroscience},
    volume = {20},
    number = {2},
    pages = {111--121},
    year = {2018},
    doi = {10.31887/DCNS.2018.20.2/osporns},
    keywords = {graph theory, brain networks, network analysis methods}
}

@article{bassett2017network,
    author = {Bassett, Danielle Smith and Sporns, Olaf},
    title = {Network Neuroscience},
    journal = {Nature Neuroscience},
    volume = {20},
    number = {3},
    pages = {353--364},
    year = {2017},
    doi = {10.1038/nn.4502},
    keywords = {network neuroscience, brain connectivity, complex systems}
}

@article{rubinov2010complex,
    author = {Rubinov, Mikail and Sporns, Olaf},
    title = {Complex Network Measures of Brain Connectivity: Uses and Interpretations},
    journal = {NeuroImage},
    volume = {52},
    number = {3},
    pages = {1059--1069},
    year = {2010},
    doi = {10.1016/j.neuroimage.2009.10.003},
    keywords = {network measures, brain connectivity, graph metrics, interpretation}
}

% ==========================================
% MATHEMATICAL & COMPUTATIONAL FOUNDATIONS
% ==========================================

@article{claudi2022differential,
    author = {Claudi, Federico and Branco, Tiago},
    title = {Differential Geometry Methods for Constructing Manifold-Targeted Recurrent Neural Networks},
    journal = {Neural Computation},
    volume = {34},
    number = {8},
    pages = {1790--1811},
    year = {2022},
    doi = {10.1162/neco_a_01511},
    keywords = {differential geometry, manifold learning, recurrent neural networks}
}

@article{novello2022exploring,
    author = {Novello, Tiago and Schardong, Guilherme and Schirmer, Luiz and Silva, Vinicius da and Lopes, Helio and Velho, Luiz},
    title = {Exploring Differential Geometry in Neural Implicits},
    journal = {Computer Graphics Forum},
    volume = {41},
    number = {2},
    pages = {15--28},
    year = {2022},
    doi = {10.1016/j.cag.2022.09.003},
    keywords = {differential geometry, neural implicit functions, geometric deep learning}
}

@inproceedings{paszke2019pytorch,
    author = {Paszke, Adam and Gross, Sam and Massa, Francisco and Lerer, Adam and Bradbury, James and Chanan, Gregory and others},
    title = {PyTorch: An Imperative Style, High-Performance Deep Learning Library},
    booktitle = {Advances in Neural Information Processing Systems},
    volume = {32},
    year = {2019},
    keywords = {PyTorch, deep learning framework, dynamic computation graphs}
}

@misc{abadi2016tensorflow,
    author = {Abadi, Martín and Agarwal, Ashish and Barham, Paul and Brevdo, Eugene and Chen, Zhifeng and Citro, Craig and others},
    title = {TensorFlow: Large-Scale Machine Learning on Heterogeneous Systems},
    year = {2016},
    url = {https://www.tensorflow.org/},
    keywords = {TensorFlow, machine learning framework, static computation graphs}
}

@article{harris2020array,
    author = {Harris, Charles R. and Millman, K. Jarrod and van der Walt, Stéfan J. and Gommers, Ralf and Virtanen, Pauli and Cournapeau, David and others},
    title = {Array Programming with NumPy},
    journal = {Nature},
    volume = {585},
    number = {7825},
    pages = {357--362},
    year = {2020},
    doi = {10.1038/s41586-020-2649-2},
    keywords = {NumPy, array programming, scientific computing, Python}
}

@article{virtanen2020scipy,
    author = {Virtanen, Pauli and Gommers, Ralf and Oliphant, Travis E. and Haberland, Matt and Reddy, Tyler and Cournapeau, David and others},
    title = {SciPy 1.0: Fundamental Algorithms for Scientific Computing in Python},
    journal = {Nature Methods},
    volume = {17},
    number = {3},
    pages = {261--272},
    year = {2020},
    doi = {10.1038/s41592-019-0686-2},
    keywords = {SciPy, scientific computing, algorithms, Python ecosystem}
}

@inproceedings{mckinney2010data,
    author = {McKinney, Wes},
    title = {Data Structures for Statistical Computing in Python},
    booktitle = {Proceedings of the 9th Python in Science Conference},
    volume = {445},
    pages = {51--56},
    year = {2010},
    keywords = {Pandas, data structures, statistical computing, data analysis}
}

% ==========================================
% ADDITIONAL RECENT WORKS
% ==========================================

@article{discover2023eeg,
    author = {Authors, Various},
    title = {DISCOVER-EEG: An Open, Fully Automated EEG Pipeline for Biomarker Discovery},
    journal = {Nature Scientific Data},
    year = {2023},
    doi = {10.1038/s41597-023-02525-0},
    keywords = {EEG pipeline, biomarker discovery, automated analysis, open source}
}

@article{litai2025eeg,
    author = {LIT.AI Team},
    title = {EEG Biomarker Discovery - Case Study},
    journal = {LIT.AI Technical Report},
    year = {2025},
    url = {https://lit.ai/case-studies/eeg-analysis/},
    keywords = {EEG analysis, biomarker discovery, machine learning platform}
}

@article{chen2025long,
    author = {Chen, Xiaoli and Liu, Meng and Wang, Kai},
    title = {Long-Range Brain Graph Transformer},
    journal = {arXiv preprint arXiv:2501.01100},
    year = {2025},
    keywords = {graph transformers, brain networks, long-range dependencies}
}

% ==========================================
% SYSTEMATIC REVIEWS & META-ANALYSES
% ==========================================

@article{mill2017connectome,
    author = {Mill, Ravi D. and Ito, Takuya and Cole, Michael W.},
    title = {From Connectome to Cognition: The Search for Mechanism in Human Functional Brain Networks},
    journal = {NeuroImage},
    volume = {160},
    pages = {124--139},
    year = {2017},
    doi = {10.1016/j.neuroimage.2017.01.060},
    keywords = {connectome, cognition, functional networks, mechanisms}
}

@book{fornito2016fundamentals,
    author = {Fornito, Alex and Zalesky, Andrew and Bullmore, Edward},
    title = {Fundamentals of Brain Network Analysis},
    publisher = {Academic Press},
    year = {2016},
    isbn = {978-0124079083},
    keywords = {brain network analysis, graph theory, connectivity, neuroimaging}
}

@article{vanheuvel2010exploring,
    author = {Van Den Heuvel, Martijn P. and Hulshoff Pol, Hilleke E.},
    title = {Exploring the Brain Network: A Review on Resting-State fMRI Functional Connectivity},
    journal = {European Neuropsychopharmacology},
    volume = {20},
    number = {8},
    pages = {519--534},
    year = {2010},
    doi = {10.1016/j.euroneuro.2010.03.008},
    keywords = {resting-state fMRI, functional connectivity, brain networks}
}

% ==========================================
% SOFTWARE & TOOLS
% ==========================================

@misc{chollet2015keras,
    author = {Chollet, François},
    title = {Keras},
    year = {2015},
    publisher = {GitHub},
    url = {https://github.com/fchollet/keras},
    keywords = {Keras, deep learning, high-level API, neural networks}
}