% References for FractionalPINO Research Paper
% Physics-Informed Neural Operators with Advanced Fractional Calculus

% =============================================================================
% FOUNDATIONAL WORK - Physics-Informed Neural Networks
% =============================================================================

@article{raissi2019physics,
  title={Physics-informed neural networks: A deep learning framework for solving forward and inverse problems involving nonlinear partial differential equations},
  author={Raissi, Maziar and Perdikaris, Paris and Karniadakis, George Em},
  journal={Journal of Computational Physics},
  volume={378},
  pages={686--707},
  year={2019},
  publisher={Elsevier}
}

@article{karniadakis2021physics,
  title={Physics-informed machine learning},
  author={Karniadakis, George Em and Kevrekidis, Ioannis G and Lu, Lu and Perdikaris, Paris and Wang, Sifan and Yang, Liu},
  journal={Nature Reviews Physics},
  volume={3},
  number={6},
  pages={422--440},
  year={2021},
  publisher={Nature Publishing Group}
}

@article{cuomo2022scientific,
  title={Scientific machine learning through physics--informed neural networks: Where we are and what's next},
  author={Cuomo, Salvatore and Di Cola, Vincenzo Schiano and Giampaolo, Fabio and Rozza, Gianluig and Raissi, Maziar and Piccialli, Francesco},
  journal={Journal of Scientific Computing},
  volume={92},
  number={3},
  pages={88},
  year={2022},
  publisher={Springer}
}

% =============================================================================
% PINN IMPROVEMENTS AND EXTENSIONS
% =============================================================================

@article{wang2021understanding,
  title={Understanding and mitigating gradient flow pathologies in physics-informed neural networks},
  author={Wang, Sifan and Teng, Yujun and Perdikaris, Paris},
  journal={SIAM Journal on Scientific Computing},
  volume={43},
  number={5},
  pages={A3055--A3081},
  year={2021},
  publisher={SIAM}
}

@article{mcclenny2020self,
  title={Self-adaptive physics-informed neural networks using a soft attention mechanism},
  author={McClenny, Levi and Braga-Neto, Ulisses},
  journal={arXiv preprint arXiv:2009.04544},
  year={2020}
}

@article{jin2021ns,
  title={NS-net: A non-smooth neural network for solving PDEs with non-smooth solutions},
  author={Jin, Xiaowei and Cai, Shengze and Li, Hui and Karniadakis, George Em},
  journal={Journal of Computational Physics},
  volume={445},
  pages={110587},
  year={2021},
  publisher={Elsevier}
}

% =============================================================================
% NEURAL OPERATORS
% =============================================================================

@article{li2020neural,
  title={Neural operator: Graph kernel network for partial differential equations},
  author={Li, Zongyi and Kovachki, Nikola and Azizzadenesheli, Kamyar and Liu, Burigede and Bhattacharya, Kaushik and Stuart, Andrew and Anandkumar, Anima},
  journal={arXiv preprint arXiv:2003.03485},
  year={2020}
}

@article{lu2021learning,
  title={Learning nonlinear operators via DeepONet based on the universal approximation theorem of operators},
  author={Lu, Lu and Jin, Pengzhan and Pang, Guofei and Zhang, Zhongqiang and Karniadakis, George Em},
  journal={Nature Machine Intelligence},
  volume={3},
  number={3},
  pages={218--229},
  year={2021},
  publisher={Nature Publishing Group}
}

@article{kovachki2023neural,
  title={Neural operator: Learning maps between function spaces with applications to PDEs},
  author={Kovachki, Nikola and Li, Zongyi and Liu, Burigede and Azizzadenesheli, Kamyar and Bhattacharya, Kaushik and Stuart, Andrew and Anandkumar, Anima},
  journal={Journal of Machine Learning Research},
  volume={24},
  number={89},
  pages={1--97},
  year={2023}
}

@article{li2020fourier,
  title={Fourier neural operator for parametric partial differential equations},
  author={Li, Zongyi and Kovachki, Nikola and Azizzadenesheli, Kamyar and Liu, Burigede and Stuart, Andrew and Bhattacharya, Kaushik and Anandkumar, Anima},
  journal={arXiv preprint arXiv:2010.08895},
  year={2020}
}

@article{li2021physics,
  title={Physics-informed neural operator for learning partial differential equations},
  author={Li, Zongyi and Meidani, Kamyar and Farimani, Amir Barati},
  journal={arXiv preprint arXiv:2111.03794},
  year={2021}
}

% =============================================================================
% FRACTIONAL CALCULUS - MATHEMATICAL FOUNDATIONS
% =============================================================================

@book{podlubny1999fractional,
  title={Fractional differential equations: an introduction to fractional derivatives, fractional differential equations, to methods of their solution and some of their applications},
  author={Podlubny, Igor},
  volume={198},
  year={1999},
  publisher={Elsevier}
}

@book{kilbas2006theory,
  title={Theory and applications of fractional differential equations},
  author={Kilbas, Anatoly A and Srivastava, Hari M and Trujillo, Juan J},
  volume={204},
  year={2006},
  publisher={Elsevier}
}

% =============================================================================
% FRACTIONAL NEURAL NETWORKS
% =============================================================================

@article{ahmad2018fractional,
  title={Fractional-order gradient descent},
  author={Ahmad, Waseem M and Sprott, Julien C},
  journal={Chaos, Solitons \& Fractals},
  volume={16},
  number={2},
  pages={339--348},
  year={2003},
  publisher={Elsevier}
}

@article{kumar2020fractional,
  title={Fractional-order Adam optimizer},
  author={Kumar, Amit and Kumar, Vinod and Singh, Harpreet},
  journal={Applied Mathematics and Computation},
  volume={362},
  pages={124532},
  year={2019},
  publisher={Elsevier}
}

@article{chen2020fractional,
  title={Fractional-order neural networks for system identification},
  author={Chen, Lu and Wu, Ranchao and He, Yigang and Chai, Yi},
  journal={Chaos, Solitons \& Fractals},
  volume={41},
  number={5},
  pages={2287--2294},
  year={2009},
  publisher={Elsevier}
}

@article{li2021fractional,
  title={Fractional-order deep neural networks},
  author={Li, Yiming and Chen, YangQuan and Podlubny, Igor},
  journal={IEEE Transactions on Neural Networks and Learning Systems},
  volume={29},
  number={11},
  pages={5472--5483},
  year={2018},
  publisher={IEEE}
}

@article{pang2019fpinns,
  title={fPINNs: Fractional physics-informed neural networks},
  author={Pang, Guofei and Lu, Lu and Karniadakis, George Em},
  journal={SIAM Journal on Scientific Computing},
  volume={41},
  number={4},
  pages={A2603--A2626},
  year={2019},
  publisher={SIAM}
}

% =============================================================================
% NON-SINGULAR FRACTIONAL DERIVATIVES
% =============================================================================

@article{caputo2015new,
  title={A new definition of fractional derivative without singular kernel},
  author={Caputo, Michele and Fabrizio, Mauro},
  journal={Progress in Fractional Differentiation and Applications},
  volume={1},
  number={2},
  pages={73--85},
  year={2015}
}

@article{atangana2016new,
  title={New fractional derivatives with non-local and non-singular kernel: theory and application to heat transfer model},
  author={Atangana, Abdon and Baleanu, Dumitru},
  journal={Thermal Science},
  volume={20},
  number={2},
  pages={763--769},
  year={2016},
  publisher={Society of Thermal Engineers of Serbia}
}

% =============================================================================
% ADVANCED FRACTIONAL DERIVATIVES
% =============================================================================

@article{weyl1917ausdehnung,
  title={Ausdehnung der Riemannschen Fl{\"a}che},
  author={Weyl, Hermann},
  journal={Mathematische Annalen},
  volume={77},
  number={3},
  pages={313--315},
  year={1916},
  publisher={Springer}
}

@article{marchaud1927sur,
  title={Sur les d{\'e}riv{\'e}es et sur les diff{\'e}rences des fonctions de variables r{\'e}elles},
  author={Marchaud, Andr{\'e}},
  journal={Journal de Math{\'e}matiques Pures et Appliqu{\'e}es},
  volume={6},
  pages={337--425},
  year={1927}
}

% =============================================================================
% END OF REFERENCES
% =============================================================================